@incollection{Lawson1977,
    title 		= {Software for {C}$^1$ surface interpolation},
    journal 		= {Academic Press},
    volume 		= {3},
    pages 		= {161--194},
    year 		= {1977},
    series		= {Matematical Software {III}},
    address     	= {Washington, DC},
    publisher		= {National Aeronautics and space administration},
    author 		= {Charles L. Lawson}     
}
@incollection{Ungor2004,
    year		= {2004},
    booktitle		= {LATIN 2004: Theoretical Informatics},
    volume		= {2976},
    series		= {Lecture Notes in Computer Science},
    editor		= {Farach-Colton, Mart{\'i}n},
    title		= {Off-Centers: A New Type of {S}teiner Points for Computing Size-Optimal Quality-Guaranteed {Delaunay} Triangulations},
    publisher		= {Springer Berlin Heidelberg},
    keywords		= {{Delaunay} refinement computational geometry triangulations},
    author 		= {Alper {\"U}ng{\"o}r},
    address     	= {University of Florida, USA},
    pages		= {152-161}
}
@article{Ungor2009,
    title 		= {Off-centers: A new type of Steiner points for computing size-optimal quality-guaranteed {Delaunay} triangulations},
    journal 		= {Computational Geometry},
    volume 		= {42},
    number 		= {2},
    pages 		= {109--118},
    year 		= {2009},
    issn 		= {0925-7721},
    address 		= {Department of Computer \& Information Science \& Engineering, University of Florida, USA},
    url 		= {http://www.sciencedirect.com/science/article/pii/S092577210800059X},
    urlaccessdate 	= {23/04/2013},
    author 		= {Alper {\"U}ng{\"o}r}
}
@article{George1979,
    author 		= {George, Alan and Liu, Joseph W. H.},
    title 		= {An Implementation of a Pseudoperipheral Node Finder},
    journal 		= {ACM Trans. Math. Softw.},
    issue_date 		= {Sept. 1979},
    volume 		= {5},
    number 		= {3},
    month 		= sep,
    year 		= {1979},
    issn 		= {0098-3500},
    pages 		= {284--295},
    numpages 		= {12},
    url 		= {http://doi.acm.org/10.1145/355841.355845},
    doi 		= {10.1145/355841.355845},
    acmid 		= {355845},
    publisher 		= {ACM},
    address 		= {New York, NY, USA}
} 
@inproceedings{Cuthill1969,
    author 		= {Cuthill, E. and McKee, J.},
    title 		= {Reducing the bandwidth of sparse symmetric matrices},
    booktitle 		= {Proceedings of the 1969 24th national conference},
    series 		= {ACM '69},
    year 		= {1969},
    pages 		= {157--172},
    numpages 		= {16},
    url 		= {http://doi.acm.org/10.1145/800195.805928},
    doi 		= {10.1145/800195.805928},
    acmid 		= {805928},
    publisher 		= {ACM},
    address 		= {New York, NY, USA}
} 
@Article{MPFR2007,
    author 		= {Laurent Fousse and Guillaume Hanrot and Vincent Lef{\'e}vre and Patrick P{\'e}lissier and Paul Zimmermann},
    title 		= {{MPFR}: A Multiple-Precision Binary Floating-Point Library with Correct Rounding},
    journal 		= {{ACM} Transactions on Mathematical Software},
    volume 		= {33},
    number 		= {2},
    month 		= jun,
    year 		= {2007},
    pages 		= {13:1--13:15},
    URL 		= {http://doi.acm.org/10.1145/1236463.1236468}
}
@Manual{GMP2012,
    title 		= {{GNU MP: The GNU Multiple Precision Arithmetic Library}},
    author 		= {Torbj{\"o}rn Granlund and the GMP development team},
    edition 		= {5.0.5},
    year 		= 2012,
    URL 		= {http://gmplib.org/},
    address 		= {USA}
}
@incollection{Oliveira2012,
    year        	= {2012},
    isbn        	= {978-3-642-31124-6},
    booktitle   	= {Computational Science and Its Applications ICCSA 2012},
    volume      	= {7333},
    series      	= {Lecture Notes in Computer Science},
    editor      	= {Murgante, Beniamino and Gervasi, Osvaldo and Misra, Sanjay and Nedjah, Nadia and Rocha, AnaMariaA.C. and Taniar, David and Apduhan, BernadyO.},
    doi         	= {10.1007/978-3-642-31125-3\_14},
    title       	= {A Review on {Delaunay} Refinement Techniques},
    publisher   	= {Springer Berlin Heidelberg},
    keywords    	= {mesh generation; {Delaunay} triangulation; Voronoi diagram},
    author      	= {Oliveira, Sanderson L. Gonzaga de},
    pages       	= {172-187}
}
@book{Thompson1999,
    added-at    	= {2010-11-11T15:22:40.000+0100},
    biburl      	= {http://www.bibsonomy.org/bibtex/2efdb3aa2697141e3749c86bc33d25b60/toevanen},
    editor      	= {Thompson, Joe F. and Soni, Bharat K. and Weatherhill, Nigel P.},
    keywords    	= {mesh generation},
    address     	= {New York},    
    publisher   	= {CRC Press},
    timestamp   	= {2010-11-11T15:22:40.000+0100},
    title       	= {Handbook of Grid Generation},
    isbn       		= {0849326877},
    pages		= {990},
    year        	= 1999
}
@book{George2008,
    editor      	= {Frey, Pascal Jean. and George, Paul-Louis},
    keywords    	= {mesh generation},
    address     	= {London},    
    edition             = {2},
    publisher   	= {{ISTE} Ltd.},
    title       	= {Mesh Generation},
    isbn       		= {9781848210295},
    pages		= {848},
    year        	= 2008
}
@article{Huang2001,
    title       	= {Practical Aspects of Formulation and Solution of Moving Mesh Partial Differential Equations},
    journal     	= {Journal of Computational Physics},
    volume      	= {171},
    number      	= {2},
    pages       	= {753 - 775},
    year        	= {2001},
    note        	= {},
    issn        	= {0021-9991},
    doi         	= {10.1006/jcph.2001.6809},
    url         	= {http://www.sciencedirect.com/science/article/pii/S0021999101968093},
    author      	= {Weizhang Huang}
}
@incollection{Mattiussi2000,
    title       	= {The finite volume, finite element, and finite difference methods as numerical methods for physical field problems},
    editor      	= {Peter W. Hawkes},
    booktitle   	= {},
    publisher   	= {Elsevier},
    year        	= {2000},
    volume      	= {113},
    pages       	= {1 - 146},
    series      	= {Advances in Imaging and Electron Physics},
    issn        	= {1076-5670},
    doi         	= {10.1016/S1076-5670(00)80012-9},
    url         	= {http://www.sciencedirect.com/science/article/pii/S1076567000800129},
    author      	= {Claudio Mattiussi}
}
@article{Xue1999,
    title       	= {Three-dimensional numerical simulations of viscoelastic flows - predictability and accuracy},
    journal     	= {Computer Methods in Applied Mechanics and Engineering},
    volume      	= {180},
    number      	= {3-4},
    pages       	= {305 - 331},
    year        	= {1999},
    note        	= {},
    issn        	= {0045-7825},
    doi         	= {10.1016/S0045-7825(99)00171-1},
    url         	= {http://www.sciencedirect.com/science/article/pii/S0045782599001711},
    author      	= {S.-C. Xue and R.I. Tanner and N. Phan-Thien},
}
@article{Huang1994A,
    author      	= {Huang, Weizhang and Ren, Yuhe and Russell, Robert D.},
    title       	= {Moving mesh partial differential equations (MMPDES) based on the equidistribution principle},
    journal     	= {SIAM J. Numer. Anal.},
    issue_date  	= {June 1994},
    volume      	= {31},
    number      	= {3},
    month       	= jun,
    year        	= {1994},
    issn        	= {0036-1429},
    pages       	= {709--730},
    numpages    	= {22},
    url         	= {http://dx.doi.org/10.1137/0731038},
    doi         	= {10.1137/0731038},
    acmid       	= {190988},
    publisher   	= {Society for Industrial and Applied Mathematics},
    address     	= {Philadelphia, PA, USA},
} 
@article{Teng2000,
    author      	= {Shang-Hua Teng and Chi Wai Wong},
    title       	= {Unstructured Mesh Generation: Theory, Practice, and Perspectives},
    journal     	= {Int. J. Comput. Geometry Appl.},
    volume      	= {10},
    number      	= {3},
    year        	= {2000},
    pages       	= {227-266},
}
@MISC{Talles2012,
    author      	= {Talles de Oliveira and Sanderson Gonzaga de Oliveira},
    title       	= {Uma aplica\c{c}\~{a}o de volumes finitos com refinamento de Ruppert e malhas de qualidade por off-centers},
    year        	= {2012},
    type        	= {Relat\'{o}rio de Inicia\c{c}\~{a}o Cient\'{i}fica}
}
@inproceedings{Oliveira2012b,
    title 		= {{Uma Abordagem Escal\'{a}vel para Manuten\c{c}\~{a}o de Galeria de Faces}},
    author 		= {Oliveira, Sanderson L. Gonzaga de and Oliveira, Talles Henrique de},
    year 		= {2012},
    booktitle 		= {Workshop of Undergraduate Works (WUW) in SIBGRAPI 2012 (XXV Conference on Graphics, Patterns and Images)},
    pages 		= {},
}
@article{Ruppert1995,
    author 		= {Ruppert, Jim},
    title 		= {A {Delaunay} refinement algorithm for quality 2-dimensional mesh generation},
    journal 		= {J. Algorithms},
    issue_date 		= {May 1995},
    volume 		= {18},
    number 		= {3},
    month 		= May,
    year 		= {1995},
    issn 		= {0196-6774},
    pages 		= {548--585},
    numpages 		= {38},
    url 		= {http://dx.doi.org/10.1006/jagm.1995.1021},
    doi 		= {10.1006/jagm.1995.1021},
    acmid 		= {203634},
    publisher 		= {Academic Press, Inc.},
    address 		= {Duluth, MN, USA},
}
@techreport{Shewchuk1994,
    author 		= {Shewchuk, Jonathan R},
    title 		= {An Introduction to the Conjugate Gradient Method Without the Agonizing Pain},
    year 		= {1994},
    source		= {http://www.ncstrl.org:8900/ncstrl/servlet/search?formname=detail\&id=oai\%3Ancstrlh\%3Acmucs\%3ACMU\%2F\%2FCS-94-125},
    publisher 		= {Carnegie Mellon University},
    address 		= {Pittsburgh, PA, USA},
}       
@inproceedings{Mackenzie1996,
    booktitle		= {Strathclyde Mathematics Research Report},
    author 		= {J.A. Mackenzie},
    title 		= {Moving Mesh Finite Volume Methods for One-Dimensional Evolutionary Partial Differential Equations},
    year 		= {1996},
    pages		= {26},
    address		= {Glasgow, Scotland},
    number		= {32},
    publisher		= {University of Strathclyde: Department of Mathematics}
}
@article{Tan2004,
    title 		= {Moving mesh methods with locally varying time steps},
    journal 		= {Journal of Computational Physics},
    volume 		= {200},
    number 		= {1},
    pages 		= {347 - 367},
    year 		= {2004},
    note 		= {},
    issn 		= {0021-9991},
    doi 		= {10.1016/j.jcp.2004.04.007},
    url 		= {http://www.sciencedirect.com/science/article/pii/S0021999104001706},
    author 		= {Zhijun Tan and Zhengru Zhang and Yunqing Huang and Tao Tang},
    keywords 		= {Moving mesh method},
    keywords 		= {Local time stepping},
    keywords 		= {Finite volume method},
    keywords 		= {Hyperbolic conservation laws}
}
@phdthesis{Tan2005,
    Author      	= {T. Zhijun},
    Title       	= {Moving Mesh Finite Volume Method and its Applications},
    School      	= {Hong Kong Baptist University},
    Type        	= {{PhD} em Matem\'atica},
    pages		= {123},
    Year        	= {2005},
}
@article{Tan2006,
    author 		= {Tan, Zhijun and Tang, Tao and Zhang, Zhengru},
    title 		= {A simple moving mesh method for one-and two-dimensional phase-field equations},
    journal 		= {J. Comput. Appl. Math.},
    issue_date 		= {1 June 2006},
    volume 		= {190},
    number 		= {1},
    month 		= jun,
    year 		= {2006},
    issn 		= {0377-0427},
    pages 		= {252--269},
    numpages 		= {18},
    url 		= {http://dx.doi.org/10.1016/j.cam.2005.01.042},
    doi 		= {10.1016/j.cam.2005.01.042},
    acmid 		= {1143328},
    publisher 		= {Elsevier Science Publishers B. V.},
    address 		= {Amsterdam, The Netherlands, The Netherlands},
    keywords 		= {computation of free boundaries, finite volume method, moving mesh method, phase-field equations},
} 
@article{Van2006,
    author 		= {van Dam, A. and Zegeling, P. A.},
    title 		= {A robust moving mesh finite volume method applied to 1D hyperbolic conservation laws from magnetohydrodynamics},
    journal 		= {J. Comput. Phys.},
    issue_date 		= {10 August 2006},
    volume 		= {216},
    number 		= {2},
    month 		= aug,
    year 		= {2006},
    issn 		= {0021-9991},
    pages 		= {526--546},
    numpages 		= {21},
    url 		= {http://dx.doi.org/10.1016/j.jcp.2005.12.014},
    doi 		= {10.1016/j.jcp.2005.12.014},
    acmid 		= {1159536},
    publisher 		= {Academic Press Professional, Inc.},
    address 		= {San Diego, CA, USA},
    keywords 		= {adaptive mesh refinement, conservation laws, finite volumes, magnetohydrodynamics, monitor function, moving mesh},
} 
@article{Hestenes1952,
    author 		= {Hestenes, Magnus R. and Stiefel, Eduard},
    journal 		= {Journal of Research of the National Bureau of Standards},
    month 		= dec,
    pages 		= {409--436},
    posted-at 		= {2007-05-31 16:17:58},
    priority 		= {2},
    title 		= {{Methods of Conjugate Gradients for Solving Linear Systems}},
    volume 		= {49},
    year 		= {1952}
}
@article{Delaunay1939,
    title 		= {Sur la sph\`{e}re vide, Izvestia Akademii Nauk SSSR, Otdelenie Matematicheskikh i Estestvennykh Nauk},
    journal 		= {zvestiia Akademii nauk SSSR. Seriia biologicheskaia = Bulletin de l'Academie des Sciences de l'USSR. Serie biologique},
    year 		= {1939},
    author 		= {Delaunay, Boris},
    pages		= {793--800},
    address		= {Moscow},
    publisher   	= {Izd-vo Akademii nauk SSSR}
}
@article{Voronoi1908,
    abstract 		= {{doi: 10.1515/crll.1908.134.198}},
    author 		= {Voronoi, Georges},
    day 		= {1},
    doi 		= {10.1515/crll.1908.134.198},
    journal 		= {Journal f\"{u}r die reine und angewandte Mathematik (Crelles Journal)},
    keywords 		= {paper1, voronoi tesselation},
    month 		= jan,
    number 		= {134},
    pages 		= {198--287},
    posted-at 		= {2010-04-30 21:21:22},
    priority		= {2},
    publisher 		= {De Gruyter},
    title		= {{Nouvelles applications des param\`{e}tres continus \`{a} la th\'{e}orie des formes quadratiques. Deuxi\`{e}me m\'{e}moire. Recherches sur les parall\'{e}llo\`{e}dres primitifs.}},
    url 		= {http://dx.doi.org/10.1515/crll.1908.134.198},
    volume 		= {1908},
    year 		= {1908}
}
@book{Saad2003,
    author 		= {Saad, Yousef},
    day 		= {30},
    edition 		= {2},
    isbn 		= {9780898715347},
    keywords 		= {spmxv},
    month 		= apr,
    priority 		= {2},
    publisher 		= {Society for Industrial and Applied Mathematics},
    title 		= {{Iterative Methods for Sparse Linear Systems, Second Edition}},
    url 		= {http://www.amazon.com/exec/obidos/redirect?tag=citeulike07-20\&path=ASIN/0898715342},
    address 		= {Philadelphia, PA, USA},
    year 		= {2003}
} 
@book{Burden2010,
    abstract	 	= {{This well-respected text gives an introduction to the theory and application of modern numerical approximation techniques for students taking a one- or two-semester course in numerical analysis. With an accessible treatment that only requires a calculus prerequisite, Burden and Faires explain how, why, and when approximation techniques can be expected to work, and why, in some situations, they fail. A wealth of examples and exercises develop students' intuition, and demonstrate the subject's practical applications to important everyday problems in math, computing, engineering, and physical science disciplines. The first book of its kind built from the ground up to serve a diverse undergraduate audience, three decades later Burden and Faires remains the definitive introduction to a vital and practical subject.}},
    author 	 	= {Burden, Richard L. and Faires, J. Douglas},
    edition 	 	= {9th},
    howpublished 	= {Paperback},
    isbn 	 	= {0538735643},
    keywords 	 	= {analysis, books, mathematics, maths, numerical},
    month 	 	= nov,
    priority 	 	= {2},
    publisher 	 	= {Thomson Brooks/Cole},
    title 	 	= {{Numerical analysis}},
    address      	= {Boston, MA - USA},
    pages		= {888},
    year 	 	= {2010}
}
@thesis{Niedu2012,
    author      	= {Guilherme da Silva Niedu},
    title       	= {Um m{\'e}todo para solu\c{c}{\~a}o de sistemas lineares atrav{\'e}s do gradiente conjugado cooperativo},
    school      	= {Universidade Federal do Rio de Janeiro},
    url         	= {http://objdig.ufrj.br/60/teses/coppe\_m/GuilhermeDaSilvaNiedu.pdf},
    type        	= {Disserta\c{c}\~ {a}o de mestrado em engenharia elétrica},
    pages		= {117},
    year        	= {2012}
}
@book{Luenberger2008,
    author      	= {Luenberger, David and Ye},
    doi 		= {10.1007/978-0-387-74503-9},
    edition 		= {3},
    keywords 		= {linear-programming, optimization},
    priority 		= {2},
    publisher 		= {Springer},
    title 		= {Linear and Nonlinear Programming},
    url 		= {http://www.springerlink.com/content/h26548/},
    year 		= {2008}
}
@book{Dasgupta2008,
    author      	= {Bhaskar Dasgupta},
    edition 		= {2},
    publisher 		= {Pearson},
    title 		= {Applied Mathematical Methods },
    url 		= {http://home.iitk.ac.in/~dasgupta/MathBook/},
    year 		= {2007},
    isbn        	= {8131700682}
}
@book{Franco2009,
    title		= {C{\'a}lculo num{\'e}rico},
    author		= {Franco, Neide Maria Bertoldi Franco},
    url			= {http://books.google.com.br/books\?id=9HvkkQEACAAJ},
    year		= {2009},
    publisher		= {Pearson Prentice Hall}
}
@book{Maliska2004,
    author      	= {Clovis R. Maliska},
    publisher   	= {LTC},
    edition     	= {1},
    title       	= {Transfer\^{e}ncia de Calor e Mec\^{a}nica dos Fluidos},
    address 		= {Rio de Janeiro},
    year        	= 2004
}
@book{Maliska2010,
    author      	= {Clovis R. Maliska},
    publisher   	= {LTC},
    edition     	= {2},
    pages		= {472},
    title       	= {Transfer\^{e}ncia de Calor e Mec\'anica dos Fluidos},
    address 		= {Rio de Janeiro},
    year        	= 2010
}
@book{Sperandio2006,
    author      	= {D\'{e}cio Sperandio and J. Teixeira Mendes and Luiz Henry Monken e Silva},
    publisher   	= {Pearson Prentice Hall},
    edition     	= {1},
    title       	= {C\'{a}lculo num\'{e}rico, caracter\'{i}sticas matem\'{a}ticas e computacionais dos m\'{e}todos num\'{e}ricos},
    address 		= {S\~{a}o Paulo},
    year        	= 2006
}
@book{Tannehill1997,
    title		= {Computational Fluid Mechanics and Heat Transfer, Second Edition},
    author		= {Tannehill, J.C. and Anderson, D.D.A. and Pletcher, R.H.},
    isbn		= {9781560320463},
    lccn		= {83018614},
    series		= {Series in Computational and Physical Processes in Mechanics and Thermal Sciences},
    year		= {1997},
    address		= {Washington, DC},
    pages		= {792},
    publisher		= {Taylor \& Francis}
}
@book{Versteeg2007,
    title		= {An Introduction to Computational Fluid Dynamics: The Finite Volume Method},
    author		= {Versteeg, H.H.K. and Malalasekera, W.},
    isbn		= {9780131274983},
    lccn		= {2006052528},
    year		= {2007},
    pages		= {503},
    address		= {New York},
    publisher		= {Pearson Education Limited}
}
@Book{Liu2003,
    author      	= {Gui-Rong Liu},
    title       	= {Mesh free methods: moving beyond the finite element method},
    publisher   	= {CRC Press},
    address     	= {New York},
    year        	= {2003},
    edition     	= {First Edition},
    isbn        	= {0-8493-1238-8}
}
@article{Hawken1991,
    title       	= {Review of some adaptive node-movement techniques in finite-element and finite-difference solutions of partial differential equations},
    journal     	= {Journal of Computational Physics},
    volume      	= {95},
    number      	= {2},
    pages      		= {254--302},
    year        	= {1991},
    note        	= {},
    issn        	= {0021-9991},
    doi         	= {10.1016/0021-9991(91)90277-R},
    url         	= {http://www.sciencedirect.com/science/article/pii/002199919190277R},
    urlaccessdate 	= {23/04/2013},
    author      	= {D.F Hawken and J.J Gottlieb and J.S Hansen}
}
@article{Boor1973,
    volume 		= {363},
    title 		= { Good approximation by splines with variables knots {II}},
    author 		= {Carl de Boor},
    year 		= {1973},
    pages 		= {},
    journal 		= {Springer Lecture Notes Series},
    publisher		= {Springer-Verlag},
    url                 = {ftp://ftp.cs.wisc.edu/Approx/goodappr.pdf},
    urlaccessdate       = {30/04-2013},
    address             = {Berlin}   
}
@article{Huang1999,
    author      	= {Huang, Weizhang and Russell, Robert D.},
    title 		= {Moving Mesh Strategy Based on a Gradient Flow Equation for Two-Dimensional Problems},
    journal 		= {SIAM Journal on Scientific Computing},
    issue_date 		= {May 1999},
    volume 		= {20},
    number		= {3},
    month 		= jan,
    year 		= {1999},
    issn 		= {1064-8275},
    pages 		= {998--1015},
    numpages 		= {18},
    url 		= {http://dx.doi.org/10.1137/S1064827596315242},
    urlaccessdate 	= {23/04/2013},
    doi 		= {10.1137/S1064827596315242},
    publisher 		= {Society for Industrial and Applied Mathematics},
    address 		= {Philadelphia, PA, USA}
} 
@article{Huang2003,
    title       	= {Variational mesh adaptation \uppercase{II}: error estimates and monitor functions},
    journal 		= {Journal of Computational Physics},
    volume 		= {184},
    number 		= {2},
    pages 		= {619--648},
    year 		= {2003},
    note 		= {},
    issn 		= {0021-9991},
    doi 		= {10.1016/S0021-9991(02)00040-2},
    url 		= {http://www.sciencedirect.com/science/article/pii/S0021999102000402},
    urlaccessdate 	= {23/04/2013},
    author 		= {Weizhang Huang and Weiwei Sun},
}
@article{Huang2009,
    volume 		= {18},
    title 		= {Adaptivity with moving grids},
    author 		= {Christopher J Budd and Weizhang Huang and Robert D Russell},
    year 		= {2009},
    pages 		= {111--241},
    number		= {18},
    month		= {September},
    journal 		= {Acta Numerica},
    doi 		= {10.1017/S0962492906400015}
}
@book{Huang2011,
    title 		= {Adaptive moving mesh methods},
    author 		= {Weizhang Huang and Robert Russell},
    series 		= {Applied mathematical sciences},
    publisher 		= {Springer},
    address 		= {New York},
    isbn 		= {978-1-4419-7915-5},
    edition		= {1},
    pages		= {432},
    year 		= {2011}
}
@article{Askes1998,
    title		= {\uppercase{ALE} analyses of localization in wave propagation problems},
    author		= {H. Askes and L. Bode and L. J. Sluys},
    journal		= {Mechanics of Cohesive-Frictional Materials},
    volume		= {3},
    number		= {2},
    pages		= {105-125},
    year		= {1998},
    url         	= {http://onlinelibrary.wiley.com/doi/10.1002/\%28SICI\%291099-1484\%28199804\%293:2\%3C105::AID-CFM43\%3E3.0.CO;2-C/abstract},
    urlaccessdate 	= {23/04/2013}
}
@phdthesis{Girones2011,
    Author      	= {Eloi Ruiz-Giron\'es},
    Title       	= {Automatic Hexahedral Meshing Algorithms: from Structured to Unstructured Meshes},
    School      	= {Universitat Polit\`ecnica de Catalunya},
    Year        	= {2011},
    Type        	= {{PhD} em Matem\'atica Aplicada}
}
@phdthesis{Marlow2010,
    Author      	= {Marlow, Robert},
    Title       	= {Moving mesh methods for solving parabolic partial differential equations},
    School      	= {Universit of Leeds},
    pages		= {146},
    Year        	= {2010},
    Type        	= {{PhD} School of Computing},
}
@article{Marlow2011,
    Author      	= {Marlow, Robert},
    Title       	= {Moving mesh methods for solving parabolic partial differential equations},
    School      	= {Universit of Leeds},
    Year        	= {2011},
    jornal      	= {ICFD},
    volume      	= {46},
    number      	= {1},
    pages       	= {353--361},
    numpages 		= {8},
    month       	= {July},
    publisher   	= {10th Conference Series on Numerical Methods for Fluid Dynamics},
    doi         	= {10.1016/j.compfluid.2010.11.034},
    address     	= {School of Computing, Leeds}
}
@article{Askes1999,
    title 		= {Adaptive analysis of yield line patterns in plates with the arbitrary Lagrangian-Eulerian method},
    journal 		= {Computers \& Strutures},
    volume 		= {70},
    number 		= {3},
    pages 		= {257-271},
    year 		= {1999},
    note 		= {},
    issn 		= {0045-7949},
    doi 		= {10.1016/S0045-7949(98)00188-6},
    url 		= {http://www.sciencedirect.com/science/article/pii/S0045794998001886},
    urlaccessdate 	= {23/04/2013},
    author 		= {H. Askes and A. Rodr\'iguez-Ferran and A. Huerta},
}
@article{Askes2000A,
    title 		= {Remeshing strategies for adaptive \uppercase{ALE} analysis of strain localisation},
    journal 		= {European Journal of Mechanics - A/Solids},
    volume 		= {19},
    number 		= {3},
    pages 		= {447-467},
    year 		= {2000},
    note 		= {},
    issn 		= {0997-7538},
    doi 		= {10.1016/S0997-7538(00)00176-5},
    url 		= {http://www.sciencedirect.com/science/article/pii/S0997753800001765},
    urlaccessdate 	= {23/04/2013},
    author 		= {Harm Askes and Lambertus J. Sluys}
}
@phdthesis{Askes2000,
    Author      	= {H. Askes},
    Title       	= {Advanced Spatial Discretisation Strategies for Localised Failure. Mesh Adaptivity and Meshless Methods},
    School      	= {Technische Universiteit Delft},
    Year        	= {2000},
    month       	= {May},
    pages		= {168},
    address     	= {Delft - Nederlands},
    Type        	= {Aerospace Engineering},
    url         	= {http://repository.tudelft.nl/view/ir/uuid3A1f6cd5e6-08ad-4f0f-ba40-ea51ee0f4c16/},
    urlaccessdate 	= {23/04/2013}
}
@article{Tan2007,
    title 		= {Adaptive moving mesh methods for two-dimensional resistive magneto-hydrodynamic {PDE} models},
    journal 		= {Computers \& Fluids},
    volume 		= {36},
    number 		= {4},
    pages 		= {758 - 771},
    year 		= {2007},
    issn 		= {0045-7930},
    doi 		= {10.1016/j.compfluid.2006.04.005},
    url 		= {http://www.sciencedirect.com/science/article/pii/S0045793006000831},
    urlaccessdate 	= {23/04/2013},
    author 		= {Zhijun Tan}
}
@article{Tan2007A,
    author 		= {Tan, Zhijun and Lim, K. M. and Khoo, B. C.},
    title 		= {An adaptive mesh redistribution method for the incompressible mixture flows using phase-field model},
    journal 		= {Journal of Computational Physics},
    issue_date 		= {July, 2007},
    volume 		= {225},
    number 		= {1},
    month 		= {July},
    year 		= {2007},
    issn 		= {0021-9991},
    pages 		= {1137--1158},
    numpages 		= {22},
    url 		= {http://dx.doi.org/10.1016/j.jcp.2007.01.019},
    urlaccessdate 	= {23/04/2013},
    doi 		= {10.1016/j.jcp.2007.01.019},
    publisher 		= {Academic Press Professional, Inc.},
    address 		= {San Diego, CA, USA}
}
@article{Springel2009,
    author 		= {Volker Springel},
    day 		= {31},
    eprint		= {0901.4107},
    month 		= {October},
    priority 		= {4},
    title 		= {{E pur si muove: Galiliean-invariant cosmological hydrodynamical simulations on a moving mesh}},
    url 		= {http://arxiv.org/abs/0901.4107},
    urlaccessdate 	= {18/04/2013},
    journal 		= {Monthly Notices of the Royal Astronomical Society},
    volume      	= {401},
    pages       	= {791--851},
    doi         	= {10.1111/j.1365-2966.2009.15715.x},
    address     	= {Max-Planck-Institute for Astrophysics},
    year 		= {2009}
}
@misc{Springel2012,
    author 		= {Mu{\~n}oz, Diego and Springel, Volker and Marcus, Robert and Vogelsberger, Mark and Hernquist, Lars},
    description 	= {Multi-Dimensional, Compressible Viscous Flow on a Moving Voronoi Mesh},
    title 		= {Multi-Dimensional, Compressible Viscous Flow on a Moving Voronoi Mesh},
    url 		= {http://arxiv.org/abs/1203.1037},
    urlaccessdate 	= {17/4/2013},
    year 		= 2012
}
@article{Belytschko1978,
    title 		= {Computer models for subassembly simulation},
    journal 		= {Nuclear Engineering and Design},
    volume 		= {49},
    number 		= {1-2},
    pages 		= {17-38},
    year 		= {1978},
    note 		= {},
    issn 		= {0029-5493},
    doi 		= {10.1016/0029-5493(78)90049-3},
    url 		= {http://www.sciencedirect.com/science/article/pii/0029549378900493},
    urlaccessdate 	= {23/04/2013},
    author 		= {T.B. Belytschko and J.M. Kennedy}
}
@incollection{Donea1983,
    author 		= {J. Donea},
    pages 		= {474--516},
    publisher 		= {North Holland},
    address     	= {Amsterdam},
    booktitle 		= {Computational Methods for Transient Analysis},
    title 		= {Arbitrary Lagrangian-Eulerian finite element methods},
    editor      	= {T.B. Belytschko and T.J.R. Hugues},
    chapter     	= 14,
    year 		= {1983},
    url         	= {http://onlinelibrary.wiley.com/doi/10.1002/zamm.19860660905/abstract},
    urlaccessdate 	= {23/04/2013}
}
@article{Huerta1995,
    title 		= {New \uppercase{ALE} Applications in Non-Linear Fast-Transient Solid Dynamics},
    journal 		= {Engineering Computations},
    volume 		= {11},
    pages 		= {317--345},
    year 		= {1995},
    doi			= {10.1108/02644409410799317},
    url 		= {http://www.emeraldinsight.com/journals.htm?articleid=877896},
    urlaccessdate 	= {23/04/2013},
    author 		= {Huerta, A. and Casadei, F.}
}
@article{Huerta1988,
    title 		= {Viscous flow with large free surface motion},
    journal 		= {Computer Methods in Applied Mechanics and Engineering},
    volume 		= {69},
    number 		= {3},
    pages 		= {277-324},
    year 		= {1988},
    note 		= {},
    issn 		= {0045-7825},
    doi 		= {10.1016/0045-7825(88)90044-8},
    url 		= {http://www.sciencedirect.com/science/article/pii/0045782588900448},
    urlaccessdate 	= {23/04/2013},
    author 		= {Antonio Huerta and Wing Kam Liu}
}
@article{Hughes1981,
    title 		= {Lagrangian-Eulerian finite element formulation for incompressible viscous flows},
    journal 		= {Computer Methods in Applied Mechanics and Engineering},
    volume 		= {29},
    number 		= {3},
    pages 		= {329-349},
    year 		= {1981},
    note 		= {},
    issn 		= {0045-7825},
    doi 		= {10.1016/0045-7825(81)90049-9},
    url 		= {http://www.sciencedirect.com/science/article/pii/0045782581900499},
    urlaccessdate 	= {23/04/2013}, 
    author 		= {Thomas J.R. Hughes and Wing Kam Liu and Thomas K. Zimmermann}
}
@article {Lugt1990,
    author 		= {Hu{\'e}tink, J. and Vreede, P. T. and van der Lugt, J.},
    title 		= {Progress in mixed Eulerian-Lagrangian finite element simulation of forming processes},
    journal 		= {International Journal for Numerical Methods in Engineering},
    volume 		= {30},
    number 		= {8},
    publisher 		= {John Wiley \& Sons, Ltd},
    issn 		= {1097-0207},
    url 		= {http://dx.doi.org/10.1002/nme.1620300808},
    urlaccessdate 	= {23/04/2013},  
    doi 		= {10.1002/nme.1620300808},
    pages 		= {1441--1457},
    year 		= {1990},
}
@article{Liu1986,
    author 		= {Liu, W K and Belytschko, T and Chang, H},
    title 		= {An arbitrary Lagrangian-Eulerian finite element method for path-dependent materials},
    journal 		= {Computer Methods in Applied Mechanics and Engineering},
    issue_date 		= {Oct. 1986},
    volume 		= {58},
    number 		= {2},
    month 		= oct,
    year 		= {1986},
    issn 		= {0045-7825},
    pages 		= {227--245},
    numpages 		= {19},
    url 		= {http://dx.doi.org/10.1016/0045-7825(86)90097-6},
    urlaccessdate 	= {23/04/2013},  
    doi 		= {10.1016/0045-7825(86)90097-6},
    publisher 		= {Elsevier Sequoia S. A.},
    address 		= {Lausanne, Switzerland, Switzerland},
}
@article{Schreurs1986,
    title 		= {Simulation of forming processes, using the arbitrary eulerian-lagrangian formulation},
    journal 		= {Computer Methods in Applied Mechanics and Engineering},
    volume 		= {58},
    number 		= {1},
    pages 		= {19-36},
    year 		= {1986},
    note 		= {},
    issn 		= {0045-7825},
    doi 		= {10.1016/0045-7825(86)90076-9},
    url 		= {http://www.sciencedirect.com/science/article/pii/0045782586900769},
    urlaccessdate 	= {23/04/2013},  
    author 		= {P.J.G. Schreurs and F.E. Veldpaus and W.A.M. Brekelmans}
}
@ARTICLE{Li2000,
    author 		= {Ruo Li and Tao Tang and Pingwen Zhang},
    title 		= {Moving Mesh Methods In Multiple Dimensions Based On Harmonic Maps},
    journal 		= {Journal of Computational Physics},
    year 		= {2001},
    volume 		= {170},
    number		= {2},
    month		= {July},
    pages 		= {562--588},
    url         	= {http://www.math.hkbu.edu.hk/~ttang/moving.html},
    urlaccessdate 	= {23/04/2013}    
}
@book{Hamilton1975,
    title		= {Harmonic Maps of Manifolds with Boundary},
    author		= {Hamilton, R.S.},
    isbn		= {9780387071855},
    lccn		= {10178376},
    series		= {Lecture Notes in Mathematics},
    year		= {1975},
    volume      	= {471},
    doi         	= {10.1007/BFb0087227},
    address             = {Berlin},
    publisher		= {Springer-Verlag}
}
@article{Liu2006,
    author 		= {Liu, Xueqiang and Qin, Ning and Xia, Hao},
    title 		= {Fast dynamic grid deformation based on {Delaunay} graph mapping},
    journal 		= {Journal of Computational Physics},
    issue_date 		= {20 January 2006},
    volume 		= {211},
    number 		= {2},
    month 		= jan,
    year 		= {2006},
    issn 		= {0021-9991},
    pages 		= {405--423},
    numpages 		= {19},
    url 		= {http://dx.doi.org/10.1016/j.jcp.2005.05.025},
    urlaccessdate 	= {23/04/2013}, 
    doi 		= {10.1016/j.jcp.2005.05.025},
    acmid 		= {1141736},
    publisher 		= {Academic Press Professional, Inc.},
    address 		= {San Diego, CA, USA},
}
@article{Brackbill1982,
    title 		= {Adaptive zoning for singular problems in two dimensions},
    journal 		= {Journal of Computational Physics},
    volume 		= {46},
    number		= {3},
    pages 		= {342--368},
    year 		= {1982},
    note 		= {},
    issn 		= {0021-9991},
    doi 		= {10.1016/0021-9991(82)90020-1},
    url 		= {http://www.sciencedirect.com/science/article/pii/0021999182900201},
    urlaccessdate 	= {23/04/2013},    
    author 		= {J.U Brackbill and J.S Saltzman}
}
@article{Brackbill1993,
    title 		= {An Adaptive Grid with Directional Control},
    journal 		= {Journal of Computational Physics},
    volume 		= {108},
    number 		= {1},
    pages 		= {38--50},
    year 		= {1993},
    note 		= {},
    issn 		= {0021-9991},
    doi 		= {10.1006/jcph.1993.1161},
    url 		= {http://www.sciencedirect.com/science/article/pii/S0021999183711617},
    urlaccessdate 	= {23/04/2013},    
    author 		= {J.U. Brackbill}
}
@article{Winslow1997,
    title 		= {Numerical Solution of the Quasilinear Poisson Equation in a Nonuniform Triangle Mesh},
    journal 		= {Journal of Computational Physics},
    volume 		= {135},
    number 		= {2},
    pages 		= {128 - 138},
    year 		= {1997},
    note 		= {},
    issn 		= {0021-9991},
    doi 		= {10.1006/jcph.1997.5698},
    url 		= {http://www.sciencedirect.com/science/article/pii/S0021999197956989},
    urlaccessdate 	= {23/04/2013},    
    author 		= {Alan M. Winslow}
}
@article{Ceniceros2001,
    title 		= {An Efficient Dynamically Adaptive Mesh for Potentially Singular Solutions},
    journal 		= {Journal of Computational Physics},
    volume 		= {172},
    number 		= {2},
    pages 		= {609 - 639},
    year 		= {2001},
    note 		= {},
    issn 		= {0021-9991},
    doi 		= {10.1006/jcph.2001.6844},
    url 		= {http://www.sciencedirect.com/science/article/pii/S0021999101968445},
    urlaccessdate 	= {23/04/2013},
    author 		= {Hector D. Ceniceros and Thomas Y. Hou}
}
@article{Tang2003,
    author 		= {Tang, Huazhong and Tang, Tao},
    title 		= {Adaptive Mesh Methods for One- and Two-Dimensional Hyperbolic Conservation Laws},
    journal 		= {\uppercase{SIAM} Journal on Numerical Analysis},
    issue_date 		= {2003},
    volume 		= {41},
    number 		= {2},
    month 		= feb,
    year 		= {2003},
    issn 		= {0036-1429},
    pages 		= {487--515},
    numpages 		= {29},
    url 		= {http://dx.doi.org/10.1137/S003614290138437X},
    urlaccessdate 	= {23/04/2013},
    doi 		= {10.1137/S003614290138437X},
    publisher 		= {Society for Industrial and Applied Mathematics},
    address 		= {Philadelphia, PA, USA},
}
@article{Beckett2002,
    title 		= {Computational Solution of Two-Dimensional Unsteady \uppercase{PDE}s Using Moving Mesh Methods},
    journal 		= {Journal of Computational Physics},
    volume 		= {182},
    number 		= {2},
    pages 		= {478--495},
    year 		= {2002},
    note 		= {},
    issn 		= {0021-9991},
    doi 		= {10.1006/jcph.2002.7179},
    url 		= {http://www.sciencedirect.com/science/article/pii/S0021999102971792},
    urlaccessdate 	= {23/04/2013},
    author 		= {G. Beckett and J.A. Mackenzie and A. Ramage and D.M. Sloan}
}
@article{Mackenzie2006,
    title   		= {An r-adaptive finite element method for the solution of the two-dimensional phase-field equations},
    author  		= {Mackenzie, {J. A.} and Robertson, {M. L.} and Beckett, {Mark George}},
    year    		= {2006},
    volume  		= {1},
    number  		= {5},
    pages   		= {805--826},
    journal 		= {Communications in computational physics},
    issn    		= {1815-2406},
    url           	= {http://www.global-sci.com/issue/contents/1/issue5.html},
    urlaccessdate 	= {23/04/2013},
}
@article{Zegeling2004,
    author 		= {Zegeling, P. A.},
    title 		= {Tensor-product adaptive grids based on coordinate transformations},
    journal 		= {Journal of Computational and Applied Mathematics},
    issue_date 		= {1 April 2004},
    volume 		= {166},
    number 		= {1},
    month 		= apr,
    year 		= {2004},
    issn 		= {0377-0427},
    pages 		= {343--360},
    numpages 		= {18},
    url 		= {http://dx.doi.org/10.1016/j.cam.2003.09.018},
    urlaccessdate 	= {23/04/2013},
    doi			= {10.1016/j.cam.2003.09.018},
    publisher 		= {Elsevier Science Publishers B. V.},
    address 		= {Amsterdam, The Netherlands}
}
@article{Zegeling2005,
    author 		= {Zegeling, Paul A.},
    title 		= {On Resistive \uppercase{MHD} Models with Adaptive Moving Meshes},
    journal 		= {Journal of Scientific Computing},
    issue_date 		= {August 2005},
    volume 		= {24},
    number 		= {2},
    month 		= aug,
    year 		= {2005},
    issn 		= {0885-7474},
    pages 		= {263--284},
    numpages 		= {22},
    url 		= {http://dx.doi.org/10.1007/s10915-004-4618-6},
    urlaccessdate 	= {23/04/2013},
    doi 		= {10.1007/s10915-004-4618-6},
    publisher 		= {Plenum Press},
    address 		= {New York, NY, USA}
}
@techreport{Springel2011,    
    title       	= {Hydrodynamic simulations on a moving Voronoi mesh},
    author      	= {V. Springel},
    number      	= {arXiv:1109.2218},
    jornal      	= {ArXiv e-prints},
    volume      	= {1109.2218},
    pages       	= {35},
    address     	= {Garching},
    month       	= {September},
    year        	= {2011},
    url         	= {http://arxiv.org/abs/1109.2218},
    urlaccessdate 	= {23/04/2013},   
    note        	= {Comments: 35 pages, 10 figures; invited review for the volume Tessellations in the Sciences: Virtues, Techniques and Applications of Geometric Tilings, Springer (accepted)},
    editor      	= {R. van de Weijgaert, G. Vegter, J. Ritzerveld and V. Icke}
}
@techreport{Shewchuk1994,
    author 		= {Shewchuk, Jonathan R},
    title 		= {An Introduction to the Conjugate Gradient Method Without the Agonizing Pain},
    year 		= {1994},
    source		= {http://www.ncstrl.org:8900/ncstrl/servlet/search?formname=detail\&id=oai\%3Ancstrlh\%3Acmucs\%3ACMU\%2F\%2FCS-94-125},
    publisher 		= {Carnegie Mellon University},
    address 		= {Pittsburgh, PA, USA}
}

@incollection{Shewchuk1996,
    author 		= {Jonathan Richard Shewchuk},
    title 		= {Triangle:  {E}ngineering a {2D} {Q}uality {M}esh {G}enerator and {D}elaunay {T}riangulator},
    booktitle 		= {Applied Computational Geometry:  Towards Geometric Engineering},
    editor 		= {Ming C. Lin and Dinesh Manocha},
    series 		= {Lecture Notes in Computer Science},
    volume 		= 1148,
    publisher 		= {Springer-Verlag},
    address             = {Berlin},
    pages 		= {203--222},
    month 		= May,
    year 		= 1996,
    note 		= {From the First ACM Workshop on Applied Computational Geometry}
}

@phdthesis{Shewchuk1997,
    author 		= {Jonathan Richard Shewchuk},
    title 		= {{Delaunay} {R}efinement {M}esh {G}eneration},
    school 		= {School of Computer Science, Carnegie Mellon University},
    address 		= {Pittsburgh, Pennsylvania},
    month 		= May,
    pages		= {207},
    year 		= 1997,
    note 		= {Available as Technical Report CMU-CS-97-137}
    
}
@book{Saad2003,
    author 		= {Saad, Yousef},
    day 		= {30},
    edition 		= {2},
    isbn 		= {9780898715347},
    keywords 		= {spmxv},
    month 		= apr,
    priority 		= {2},
    publisher 		= {Society for Industrial and Applied Mathematics},
    title 		= {Iterative Methods for Sparse Linear Systems, Second Edition},
    year 		= {2003}
}
@article{Pebay2003,
    author 		= {P{\'e}bay, Philippe P. and Baker, Timothy J.},
    title 		= {Analysis of triangle quality measures},
    journal 		= {Math. Comput.},
    issue_date 		= {October 2003},
    volume 		= {72},
    number 		= {244},
    month 		= {oct},
    year 		= {2003},
    issn 		= {0025-5718},
    pages 		= {1817--1839},
    numpages 		= {23},
    url 		= {http://dx.doi.org/10.1090/S0025-5718-03-01485-6},
    urlaccessdate 	= {23/04/2013},
    doi 		= {10.1090/S0025-5718-03-01485-6},
    acmid 		= {950427},
    publisher 		= {American Mathematical Society},
    address 		= {Boston, MA, USA},
    keywords 		= {mesh quality, surface triangulation, triangle quality, triangulation}
}
@article{Green1978,
    author 		= {Green, P. J. and Sibson, R.}, 
    title 		= {Computing Dirichlet Tessellations in the Plane},
    volume 		= {21}, 
    number 		= {2}, 
    pages 		= {168-173}, 
    year 		= {1978}, 
    doi 		= {10.1093/comjnl/21.2.168}, 
    abstract 		= {A finite set of distinct points divides the plane into polygonal regions, each region containing one of the points and comprising that part of the plane nearer to its defining point than to any other. The resultant planar subdivision is called the Dirichlet tessellation; it is one of the most useful constructs associated with such a point configuration. The regions, which we call tiles, are also known as Voronoi or Thiessen polygons. We describe a recursive algorithm for computing the tessellation in a highly efficient way, and discuss the problems which arise in its implementation. Samples of graphical output demonstrate the application of the program on a modest scale; its efficiency allows its application to large sets of data, and detailed discussion of space and time considerations is given, based in part on theoretical predictions and in part on test runs on up to 10,000 points.}, 
    URL 		= {http://comjnl.oxfordjournals.org/content/21/2/168.abstract}, 
    urlaccessdate 	= {23/04/2013},
    journal 		= {The Computer Journal} 
}
@inproceedings{Shamos1975,
    author 		= {Shamos, Michael Ian and Hoey, Dan},
    title 		= {Closest-point problems},
    booktitle 		= {Proceedings of the 16th Annual Symposium on Foundations of Computer Science},
    year 		= {1975},
    pages 		= {151--162},
    numpages 		= {12},
    url 		= {http://dl.acm.org/citation.cfm?id=1398504.1382488},
    urlaccessdate 	= {23/04/2013},
    doi 		= {10.1109/SFCS.1975.8},
    acmid 		= {1382488},
    publisher 		= {IEEE Computer Society},
    address 		= {Washington, DC, USA}
} 
@inproceedings{Oliveira2012a,
    author 		= {Sanderson L. Gonzaga de Oliveira},
    title 		= {A review on {D}elaunay refinement techniques},
    booktitle 		= {Proceedings of the 12th international conference on Computational Science and Its Applications - Volume Part I},
    series 		= {ICCSA'12},
    year 		= {2012},
    isbn 		= {978-3-642-31124-6},
    location 		= {Salvador de Bahia, Brazil},
    pages 		= {172--187},
    numpages 		= {16},
    url 		= {http://dx.doi.org/10.1007/978-3-642-31125-3\_14},
    urlaccessdate 	= {23/04/2013},
    doi 		= {10.1007/978-3-642-31125-3\_14},
    acmid 		= {2346236},
    publisher 		= {Springer-Verlag},
    address 		= {Berlin, Heidelberg},
    keywords 		= {{D}elaunay triangulation, mesh generation, voronoi diagram}
}
@inproceedings{Olivier2011,
    author 		= {G\'eraldine Olivier and Fr\'ed\'eric Alauzet},
    title 		= {A new changing-topology ALE scheme for moving mesh unsteady simulations},
    booktitle 		= {Proceedings of 49th {AIAA} Aerospace Sciences Meeting and Exhibit},
    series 		= {AIAA-2011-0474},
    year 		= {2011},
    publisher           = {AIAA},
    location 		= {Orlando, FL, USA},
    pages 		= {1--25},
    numpages 		= {25},
    url 		= {https://www.rocq.inria.fr/gamma/gamma/Membres/CIPD/Frederic.Alauzet},
    address 		= {Gamma Project, {INRIA Rocquencourt}, 78 153 {L}e {C}hesnay, {F}rance},
    urlaccessdate 	= {23/04/2013}
}
@article{Beni2008,
    author 		= {L. Hashemi Beni and M. A. Mostafavi and J. Pouliot},
    title 		= {Dynamic field process simulation within GIS: the voronoi approche},
    address     	= {Department of Geomatics, Laval University, Quebec, Canada},
    url         	= {http://www.isprs.org/proceedings/XXXVII/congress/2\_pdf/8\_ICWG-II-IV/01.pdf},
    urlaccessdate 	= {23/04/2013},
    journal 		= {The International Archives of the Photogrammetry, Remote Sensing and Spatial Information Sciences},
    volume 		= {37},
    pages 		= {891--898},
    year 		= {2008}
}
@article{Christov2008,
    author 		= {Christov, Ivan and Mishev, Ilya and Popov, Bojan},
    title 		= {Finite volume methods on unstructured voronoi meshes for hyperbolic conservation laws},
    journal 		= {Proceedings of Symposia in Applied Mathematics},
    volume 		= {67}, 
    pages 		= {507--516}, 
    urlaccessdate 	= {23/04/2013},
    year 		= {2008}
}
@article{Bardos1979,
    author 		= {Bardos, C. and Leroux, A. Y. and Nedelec, J. C.},
    title 		= {First order quasilinear equations with boundary conditions},
    journal 		= {Communications in Partial Differential Equations},
    volume 		= {4},
    number 		= {9},
    pages 		= {1017--1034},
    year 		= {1979},
    doi	 		= {10.1080/03605307908820117},
    URL 		= {http://www.tandfonline.com/doi/abs/10.1080/03605307908820117},
    urlaccessdate 	= {23/04/2013}
}
@article{Guermond2005,
    author 		= {Jean-Luc Guermond, Bojan Popov},
    title 		= {Linear advection with ill-posed boundary conditions via {L}$^1$-minimization },
    journal 		= {International journal of numerical analysis \& modeling},
    volume 		= {4},
    pages 		= {39--47},
    year 		= {2005}
}
@article{Bruchon2009,
    url 		= {http://hal-emse.ccsd.cnrs.fr/emse-00475556},
    title 		= {{Using a signed distance function for the simulation of metal forming processes : Formulation of the contact condition and mesh adaptation. From a Lagrangian approach to an Eulerian approach}},
    author 		= {Bruchon, Julien and Digonnet, Hugues and Coupez, Thierry},
    abstract 		= {{This paper proposes to use the metric properties of the distance function between two bodies in contact (or gap function) in simulations involving contact problems. First, the normal vectors, which are involved in the formulation of the contact condition, are defined through the gradient of this distance function. This definition avoids to deal with the numerical penetration parameter, which is generally introduced otherwise. Furthermore, it allows the contact problem to be extended in a simple way to an Eulerian formulation. Second, this paper investigates two mesh adaptation strategies based on the properties of the distance function. The first strategy consists in building a size map according to the values of this function, in order to refine locally the mesh, and consequently to improve the description of the contact surface. The second strategy consists in adapting locally the mesh to the geometry of the contact surface. This anisotropic adaptation is performed by constructing a 
  metric map that allows the mesh size to be imposed in the direction of the distance function gradient. A lot of elements are saved when compared with the isotropic case. Throughout this paper, many numerical simulations are presented in the context of the forging process: the deformable material is pressed between two rigid tools. Furthermore, the algorithm used to calculate the signed distance to a surface mesh is detailed in appendix of this paper.}},
    keywords 		= {Contour line ; Euler coordinate ; Euler Lagrange equation ; Mesh generation ; Adaptive method ; Automatic mesh generation ; Modeling ; Forging ; Contact surface ; Mechanical contact ; Forming ;},
    language 		= {Anglais},
    affiliation 	= {D{\'e}partement M{\'e}canique et Proc{\'e}d{\'e}s d'Elaboration - MPE-ENSMSE , Laboratoire de Tribologie et Dynamique des Syst{\`e}mes - LTDS-ENSMSE , Centre de Mise en Forme des Mat{\'e}riaux - CEMEF},
    pages 		= {980--1008},
    journal 		= {International Journal for Numerical Methods in Engineering},
    volume 		= {78},
    number 		= {8},
    note 		= {ACL205 ACL205 },
    audience 		= {internationale },
    doi 		= {10.1002/nme.2519 },
    year 		= {2009},
    month 		= {May}
}
@article {Lohner1999,
    author 		= {L\"ohner, Rainald and Yang, Chi and Baum, Joseph D. and Luo, Hong and Pelessone, Daniele and Charman, Charles M.},
    title 		= {The numerical simulation of strongly unsteady flow with hundreds of moving bodies},
    journal 		= {International Journal for Numerical Methods in Fluids},
    volume 		= {31},
    number 		= {1},
    publisher 		= {John Wiley \& Sons, Ltd.},
    issn 		= {1097-0363},
    url 		= {http://dx.doi.org/10.1002/(SICI)1097-0363(19990915)31:1<113::AID-FLD958>3.0.CO;2-Q},
    urlaccessdate 	= {23/04/2013},
    doi 		= {10.1002/(SICI)1097-0363(19990915)31:1<113::AID-FLD958>3.0.CO;2-Q},
    pages 		= {113--120},
    keywords 		= {moving bodies, numerical simulation, unsteady flows},
    year 		= {1999},
}
@article {Compere2010,
    author 		= {Comp\'ere, Ga\"etan and Remacle, Jean-Fran\c{c}ois and Jansson, Johan and Hoffman, Johan},
    title 		= {A mesh adaptation framework for dealing with large deforming meshes},
    journal 		= {International Journal for Numerical Methods in Engineering},
    volume 		= {82},
    number 		= {7},
    publisher 		= {John Wiley \& Sons, Ltd.},
    issn 		= {1097-0207},
    url 		= {http://dx.doi.org/10.1002/nme.2788},
    urlaccessdate 	= {23/04/2013},
    doi 		= {10.1002/nme.2788},
    pages 		= {843--867},
    keywords 		= {mesh adaptation, local modifications, large deformations, open source, fluid–structure interaction},
    year		= {2010},
}
@incollection{Frey2008,
    isbn		= {978-3-540-87920-6},
    booktitle		= {Proceedings of the 17th International Meshing Roundtable},
    editor		= {Garimella, RaoV.},
    doi			= {10.1007/978-3-540-87921-3\_11},
    title		= {Anisotropic {D}elaunay Mesh Adaptation for Unsteady Simulations},
    url			= {http://www.ljll.math.upmc.fr/frey/publications/imrDF2.pdf},
    urlaccessdate 	= {23/04/2013},
    publisher		= {Springer Berlin Heidelberg},
    author		= {Dobrzynski, C. and Frey, P.},
    pages		= {177--194},
    year		= {2008}
}
@inproceedings{Silva2012,
    author 		= {Silva, Luis F. and Scheidegger, Luiz F. and Etiene, Tiago and Comba, Jo\~ao Luiz Dihl and Nonato, Luis Gustavo and Silva, Cl\'audio T.},
    booktitle 		= {{SIBGRAPI}},
    ee 			= {http://doi.ieeecomputersociety.org/10.1109/SIBGRAPI.2012.25},
    isbn 		= {978-1-4673-2802-9},
    keywords 		= {dblp},
    pages 		= {118--125},
    publisher 		= {{IEEE} Computer Society},
    title 		= {Connectivity Oblivious Merging of Triangulations},
    url 		= {http://dblp.uni-trier.de/db/conf/sibgrapi/sibgrapi2012.html},
    urlaccessdate 	= {23/04/2013},
    year 		= {2012}
}
@article{Pakmor2011,
    author      	= {Pakmor, Ruediger and Bauer, Andreas and Springel, Volker},
    title       	= {Magnetohydrodynamics on an unstructured moving grid},
    number		= {arXiv:1108.1792},
    year        	= {2011},
    month       	= {December},
    jornal      	= {ArXiv e-prints},
    volume      	= {418},
    pages       	= {1392--1401},
    doi         	= {10.1111/j.1365-2966.2011.19591.x},
    address     	= {Institut f\"ur Theoretische Studien - Heidelberg, Germany},
    url         	= {http://arxiv.org/abs/1108.1792},
    urlaccessdate 	= {23/04/2013}
}  	
@article{Greif2011,
    author		= {Thomas H. Greif and Volker Springel and Simon D. M. White and Simon C. O. Glover and Paul C. Clark and Rowan J. Smith and Ralf S. Klessen and Volker Bromm},
    title		= {Simulations on a Moving Mesh: The Clustered Formation of Population {III} Protostars},
    journal		= {The Astrophysical Journal},
    volume		= {737},
    number		= {2},
    pages		= {75},
    url			= {http://stacks.iop.org/0004-637X/737/i=2/a=75},
    year		= {2011},
    urlaccessdate 	= {23/04/2013}
}
@article{Hes2012,
    author         	= {{He{\ss}}, Steffen and Springel, Volker},
    title          	= {{Gas stripping and mixing in galaxy clusters: A numerical comparison study}},
    journal        	= {Monthly Notices of the Royal Astronomical Society},
    volume         	= {426},
    issue         	= {4},
    pages          	= {3112--3134},
    doi            	= {10.1111/j.1365-2966.2012.21819.x},
    url                 = {http://arxiv.org/abs/1208.0351},
    urlaccessdate       = {23/04/2013},
    month               = {November},
    year           	= {2012}
}
@article{Hes2010,
    author 		= {{He{\ss}}, S. and {Springel}, V.},
    title 		= {{Particle hydrodynamics with tessellation techniques}},
    journal 		= {Monthly Notices of the Royal Astronomical Society},
    archivePrefix 	= {arXiv},
    eprint 		= {0912.0629},
    primaryClass 	= {astro-ph.CO},
    keywords 		= {hydrodynamics, methods: numerical},
    year 		= {2010},
    month 		= {August},
    volume 		= 406,
    pages 		= {2289-2311},
    doi 		= {10.1111/j.1365-2966.2010.16892.x},
    url 		= {http://adsabs.harvard.edu/abs/2010MNRAS.406.2289H},
    urlaccessdate       = {23/04/2013},
    adsnote 		= {Provided by the SAO/NASA Astrophysics Data System}
}
@article{Springel2005,
    author 		= {Springel, V.},
    title 		= {{The cosmological simulation code GADGET-2}},
    journal 		= {Monthly Notices of the Royal Astronomical Society},
    eprint 		= {arXiv:astro-ph/0505010},
    keywords 		= {methods: numerical, galaxies: interactions, dark matter},
    year 		= 2005,
    month 		= dec,
    volume 		= 364,
    pages 		= {1105-1134},
    doi 		= {10.1111/j.1365-2966.2005.09655.x},
    url 		= {http://adsabs.harvard.edu/abs/2005MNRAS.364.1105S},
    urlaccessdate       = {23/04/2013},
    adsnote 		= {Provided by the SAO/NASA Astrophysics Data System}
}
@ARTICLE{Duffell2011,
    author 		= {{Duffell}, P.~C. and {MacFadyen}, A.~I.},
    title 		= {{TESS: A Relativistic Hydrodynamics Code on a Moving Voronoi Mesh}},
    journal 		= {Astrophysical Journal Supplement Series},
    archivePrefix 	= {arXiv},
    eprint 		= {1104.3562},
    primaryClass 	= {astro-ph.HE},
    keywords 		= {hydrodynamics, methods: numerical},
    year 		= 2011,
    month 		= dec,
    volume 		= 197,
    eid 		= {15},
    pages 		= {15},
    doi 		= {10.1088/0067-0049/197/2/15},
    url 		= {http://adsabs.harvard.edu/abs/2011ApJS..197...15D},
    urlaccessdate       = {23/04/2013},
    adsnote 		= {Provided by the SAO/NASA Astrophysics Data System}
}
@ARTICLE{Maron2012,
    author 		= {{Maron}, J.~L. and {McNally}, C.~P. and {Mac Low}, M.-M.},
    title 		= {{Phurbas: An Adaptive, Lagrangian, Meshless, Magnetohydrodynamics Code. I. Algorithm}},
    journal 		= {Astrophysical Journal Supplement Series},
    archivePrefix 	= {arXiv},
    eprint 		= {1110.0835},
    primaryClass 	= {astro-ph.IM},
    keywords 		= {hydrodynamics, magnetohydrodynamics: MHD, methods: numerical},
    year 		= 2012,
    month 		= May,
    volume 		= 200,
    eid 		= {6},
    pages 		= {6},
    doi 		= {10.1088/0067-0049/200/1/6},
    url 		= {http://adsabs.harvard.edu/abs/2012ApJS..200....6M},
    urlaccessdate       = {24/04/2013},
    adsnote 		= {Provided by the SAO/NASA Astrophysics Data System}
}
@ARTICLE{Mcnally2012,
    author		= {Colin P. McNally and Wladimir Lyra and Jean-Claude Passy},
    title		= {A Well-posed Kelvin-Helmholtz Instability Test and Comparison},
    journal		= {The Astrophysical Journal Supplement Series},
    archivePrefix 	= {arXiv},
    eprint 		= {1111.1764},
    primaryClass 	= {astro-ph.IM},
    keywords 		= {hydrodynamics, instabilities, methods: numerical},
    year 		= 2012,
    month 		= aug,
    volume		= {201},
    number		= {2},
    eid 		= {18},
    pages 		= {18},
    doi 		= {10.1088/0067-0049/201/2/18},
    url 		= {http://adsabs.harvard.edu/abs/2012ApJS..201...18M},
    urlaccessdate       = {23/04/2013},
    adsnote 		= {Provided by the SAO/NASA Astrophysics Data System}
}
@article{Cao2001,
    title 		= {Comparison of two-dimensional r-adaptive finite element methods using various error indicators},
    journal 		= {Mathematics and Computers in Simulation},
    volume 		= {56},
    number 		= {2},
    pages 		= {127--143},
    year 		= {2001},
    note 		= {Method of lines,Adaptive Grid-Generation using the Heat Equation},
    issn 		= {0378-4754},
    doi 		= {10.1016/S0378-4754(01)00285-3},
    url 		= {http://www.sciencedirect.com/science/article/pii/S0378475401002853},
    urlaccessdate       = {23/04/2013},
    author 		= {Weiming Cao and Weizhang Huang and Robert D. Russell}
}
@article{Courant1928,
    title 		= {\"Uber die partiellen Differenzengleichungen der mathematischen Physik},
    journal 		= {Mathematische Annalen (in German)},
    volume 		= {100},
    number 		= {1},
    pages 		= {32--74},
    year 		= {1928},
    author 		= {R. Courant and K. Friedrichs and H. Lewy}
}
@article{Toro1994,
    title 		= {Restoration of the contact surface in the {HLL-Riemann} solver},
    journal 		= {Shock Waves},
    volume		= {4},
    number		= {1},
    month		= {July},
    publisher		= {Springer-Verlag},
    pages 		= {25--34},
    doi			= {10.1007/BF01414629},
    year 		= {1994},
    author 		= {E. F. Toro and M. Spruce and W. Speares}
}
@phdthesis{Crespo1996,
    Author      	= {Renata Santos Crespo},
    Title       	= {Solu\c{c}\~ao Num\'erica de Problemas de Mudan\c{c}a de Fase usando Formula\c{c}\~ao em um Dom\'inio com Acompanhamento da Frente},
    School      	= {Universidade Federal de Santa Catarina},
    Year        	= {1996}
}
@phdthesis{Noleto2010,
    Author      	= {LUCIANO GONCALVES NOLETO},
    Title       	= {Uma abordagem euleriana-lagrangeana para simula\c{c}\~ao de escoamentos turbulentos com fronteiras m\'oveis},
    School      	= {Universidade de Bras\'ilia},
    Year        	= {2010},
    Type                = {doutorado em Ci\^encias Mec\^anicas}
}
@article{Shen2003,
    title 		= {A phase field model for the mixture of two incompressible fluids and its approximation by a Fourier-spectral method},
    journal 		= {Physica D: Nonlinear Phenomena},
    volume 		= {179},
    number 		= {3-4},
    pages 		= {211--228},
    year 		= {2003},
    note 		= {},
    issn 		= {0167-2789},
    doi 		= {10.1016/S0167-2789(03)00030-7},
    url 		= {http://www.sciencedirect.com/science/article/pii/S0167278903000307},
    author 		= {Chun Liu and Jie Shen}
}
@incollection{Dwyer1979,
    title 		= {An adaptive grid method for problems in fluid mechanics and heat transfer},
    author 		= {Dwyer, H.A. and Sanders, B.R. and Kee, R.J.},
    jornal 		= {Computational Fluid Dynamics Conference},
    number 		= {AIAA-79-1464},
    url 		= {http://opac.inria.fr/record=b1070874},
    address             = {Williamsburg, Virginia},
    publisher		= {American Institute of Aeronautics and Astronautics},
    pages               = {195--203},
    year 		= 1979
}
@incollection{Dwyer1981,
    year		= {1981},
    isbn		= {978-3-540-10694-4},
    booktitle		= {Seventh International Conference on Numerical Methods in Fluid Dynamics},
    volume		= {141},
    series		= {Lecture Notes in Physics},
    editor		= {Reynolds, W.C. and MacCormack, R.W.},
    doi			= {10.1007/3-540-10694-4\_24},
    title		= {A study of reactive diffusion problems with stiff integrators and adaptive grids},
    url			= {http://dx.doi.org/10.1007/3-540-10694-4\_24},
    publisher		= {Springer Berlin Heidelberg},
    author		= {Dwyer, H.A. and Raiszadeh, F. and Otey, G.},
    pages		= {170--175}
}
@article{Gnoffo1980,
    volume 		= {18},
    number 		= {6},
    pages 		= {611--612},  
    title		= {Complete supersonic flowfields over blunt bodies in a generalized orthogonal coordinate system},
    author		= {Gnoffo, P.A.},
    journal 		= {American Institute of Aeronautics and Astronautics},    
    year		= {1980}
}
@article{White1982,
    title 		= {On the Numerical Solution of Initial/Boundary-Value Problems in One Space Dimension},
    author 		= {B. Andrew White, Jr.},
    journal 		= {SIAM Journal on Numerical Analysis},
    volume 		= {19},
    number 		= {4},
    pages 		= {683--697},
    url 		= {http://www.jstor.org/stable/2157026},
    ISSN 		= {00361429},
    abstract 		= {The numerical solution of initial/boundary-value problems of the form A(u, x, t)ut + B(u, x, t)ux = c(u, x, t) is considered. Particular emphasis is placed on the solution of problems with large gradients, e.g., shocks and boundary layers. A mesh-selection technique is described that accurately places points in regions where the solution is rapidly changing. This is accomplished by a transformation of the original equations to a new coordinate system. Finite difference solutions for two sample problems are calculated.},
    year 		= {1982},
    publisher 		= {Society for Industrial and Applied Mathematics},
    copyright 		= {Copyright © 1982 Society for Industrial and Applied Mathematics}
}
@article{Gander2012,
    author    		= {Martin J. Gander and Ronald D. Haynes},
    title     		= {Domain Decomposition Approaches for Mesh Generation via the Equidistribution Principle},
    journal   		= {SIAM J. Numerical Analysis},
    volume    		= {50},
    number    		= {4},
    year      		= {2012},
    pages     		= {2111-2135},
    ee        		= {http://dx.doi.org/10.1137/110849936}
}
@techreport{Zegeling1996,
    author 		= {Zegeling, Paul A.},
    title 		= {MFE revisited, Part 1: Adaptive Grid-Generation using the Heat Equation},
    address 		= {Department of Mathematics, Utrecht University},
    url			= {http://igitur-archive.library.uu.nl/math/2001-0703-151147/946.pdf},
    urlaccessdate	= {12/06/2013},
    year 		= {1996}
}
@book{Liseikin2012,
    title		= {Grid Generation Methods},
    author		= {Liseikin, V.D.},
    isbn		= {9789400730786},
    series		= {Scientific Computation},
    year		= {2012},
    address		= {New York},
    publisher		= {Springer Verlag}
}
@book{Preparata1985,
    title		= {Computational Geometry: an introduction},
    author		= {F. P. Preparata and M. I. Shamos},
    series		= {Scientific Computation},
    isbn                = 0387961313,
    year		= {1985},
    pages		= {398},
    address		= {New York},
    publisher		= {Springer Verlag}
}
@phdthesis{Blake2001,
    Author      	= {K.W. Blake},
    Title       	= {Moving Mesh Methods for Nonlinear Partial Differential Equations},
    School      	= {University of Reading},
    Year        	= {2001},
    Type        	= {{PhD} em Matem\'atica}
}
@phdthesis{Eleftheriou2011,
    Author      	= {Theodora Eleftheriou},
    Title       	= {Moving Mesh Methods using monitor functions for the Porous Medium Equation},
    School      	= {University of Reading},
    Year        	= {2011},
    pages		= {60},
    Type        	= {{PhD} em Matem\'atica}
}
@ARTICLE{Huang1994,
    author 		= {Weizhang Huang and Yuhe Ren and Robert D. Russell},
    title 		= {Moving Mesh Methods Based on Moving Mesh Partial Differential Equations},
    journal 		= {J. Comput. Phys},
    year 		= {1994},
    volume 		= {113},
    pages 		= {279--290}
}
@book{Tang2005,
    title		= {Moving Mesh Methods for Computational Fluid Dynamics},
    Address             = {Hong Kong},
    author		= {Tang, T.},
    series		= {Technical report},
    year		= {2005},
    pages		= {33},
    publisher		= {Department of Mathematics, Hong Kong Baptist University}
}
@inproceedings{Taubin1995,
    author 		= {Taubin, G.},
    title 		= {Curve and Surface Smoothing Without Shrinkage},
    booktitle 		= {Proceedings of the Fifth International Conference on Computer Vision},
    series 		= {ICCV '95},
    volume		= {5},
    year 		= {1995},
    isbn 		= {0-8186-7042-8},
    pages 		= {852--857},
    month		= {June},
    url 		= {http://dl.acm.org/citation.cfm?id=839277.840029},
    acmid 		= {840029},
    publisher 		= {IEEE Computer Society},
    address 		= {Washington, DC, USA}
} 
@inproceedings{Taubin1995A,
    author 		= {Taubin, Gabriel},
    title		= {A Signal Processing Approach to Fair Surface Design},
    booktitle 		= {Proceedings of the 22Nd Annual Conference on Computer Graphics and Interactive Techniques},
    series 		= {SIGGRAPH '95},
    year 		= {1995},
    isbn 		= {0-89791-701-4},
    pages 		= {351--358},
    numpages 		= {8},
    url 		= {http://doi.acm.org/10.1145/218380.218473},
    doi 		= {10.1145/218380.218473},
    publisher 		= {ACM},
    address 		= {New York, NY, USA}
} 
@inproceedings{Taubin1996,
    author 		= {Taubin, G. and Shang, T. and Golub, G.},
    booktitle 		= {Proceedings of the 4th European Conference on Computer Vision},
    title 		= {Optimal surface smoothing as filter desing},
    journal 		= {Proc. $4^{th}$ European conf. Computer vision},
    pages 		= {283--292},
    numpages 		= {10},
    volume		= {Volume 1},
    series		= {Lecture Notes in Computer Science},
    address 		= {London, UK},
    editor		= {Buxton, Bernard and Cipolla, Roberto},    
    url 		= {http://dl.acm.org/citation.cfm?id=645309.648954},
    publisher 		= {Springer-Verlag},
    month		= {April},
    year 		= {1996}
}
@phdthesis{George1971,
    Author      	= {J. A. George},
    Title       	= {Computer implementation of the finite element method},
    School      	= {Stanford Univertity - Department of Computer Science},
    type		= {Computer Science: Finite Element Methods},
    pages		= {222},
    Year        	= {1971},
}
@ARTICLE{Bank97,
    author 		= {Randolph E. Bank and R. Kent Smith},
    title 		= {Mesh Smoothing Using A Posteriori Error Estimates},
    journal 		= {SIAM JOURNAL ON NUMERICAL ANALYSIS},
    year 		= {1997},
    volume 		= {34},
    number 		= {3},
    pages 		= {979--997}
}
@article{Chen2004,
    Author 		= {Long Chen and Jinchao Xu},
    Journal 		= {Journal of Computational Mathematics},
    Pages 		= {299-308},
    Title 		= {Optimal {Delaunay} triangulations},
    Volume 		= {22(2)},
    Year 		= {2004}
}
@article{Ohtake2001,
    author 		= {Ohtake, Yutaka and Belyaev, Alexander G. and Bogaevski, Ilia},
    date 		= {2003-12-16},
    description 	= {dblp},
    ee 			= {http://dx.doi.org/10.1016/S0010-4485(01)00095-1},
    journal 		= {Computer-Aided Design},
    keywords 		= {dblp},
    number 		= {11},
    pages 		= {789-800},
    title 		= {Mesh regularization and adaptive smoothing.},
    url 		= {http://dblp.uni-trier.de/db/journals/cad/cad33.html},
    volume 		= 33,
    year 		= 2001
}
@INPROCEEDINGS{Ohtake2003,
    AUTHOR 		= {Belyaev, Alexander and Ohtake, Yutaka},
    TITLE 		= {A comparison of mesh smoothing methods},
    BOOKTITLE 		= {Israel-Korea Bi-National Conference on Geometric Modeling and Computer Graphics},
    PUBLISHER 		= {Tel Aviv University},
    YEAR 		= {2003},
    PAGES 		= {83--87},
    ADDRESS 		= {Tel-Aviv, Israel}
}
@inproceedings{Desbrun1999,
    author 		= {Desbrun, Mathieu and Meyer, Mark and Schr\"{o}der, Peter and Barr, Alan H.},
    title 		= {Implicit Fairing of Irregular Meshes Using Diffusion and Curvature Flow},
    booktitle 		= {Proceedings of the 26th Annual Conference on Computer Graphics and Interactive Techniques},
    series 		= {SIGGRAPH '99},
    year 		= {1999},
    isbn 		= {0-201-48560-5},
    pages 		= {317--324},
    numpages 		= {8},
    url 		= {http://dx.doi.org/10.1145/311535.311576},
    doi 		= {10.1145/311535.311576},
    acmid 		= {311576},
    publisher 		= {ACM Press/Addison-Wesley Publishing Co.},
    address 		= {New York, NY, USA},
} 
@inproceedings{Kobbelt1998,
    author 		= {Kobbelt, Leif and Campagna, Swen and Vorsatz, Jens and Seidel, Hans-Peter},
    title 		= {Interactive Multi-resolution Modeling on Arbitrary Meshes},
    booktitle 		= {Proceedings of the 25th Annual Conference on Computer Graphics and Interactive Techniques},
    series 		= {SIGGRAPH '98},
    year 		= {1998},
    isbn 		= {0-89791-999-8},
    pages 		= {105--114},
    numpages 		= {10},
    url 		= {http://doi.acm.org/10.1145/280814.280831},
    doi 		= {10.1145/280814.280831},
    acmid 		= {280831},
    publisher 		= {ACM},
    address 		= {New York, NY, USA},
} 
@article{Oliveira2013,
    author 		= {Frederico S. Oliveira and Sanderson L. Gonzaga de Oliveira and Mauricio Kischinhevsky and João Manuel R. S. Tavares},
    title 		= {{Malhas m\'oveis para solu\c{c}\~ao num\'erica de equa\c{c}\~oes diferenciais parciais}},
    journal 		= {Revista de Sistemas de Informação da Faculdade Salesiana Maria Auxiliadora - FSMA},
    year 		= 2013,
    month 		= jun,
    volume 		= 11,
    pages 		= {11--16},
    url 		= {http://www.fsma.edu.br/si/principal.html}
}
@article{Vartziotis2013,
    title 		= {Improving mesh quality and finite element solution accuracy by \{GETMe\} smoothing in solving the Poisson equation},
    journal 		= {Finite Elements in Analysis and Design},
    volume 		= {66},
    number 		= {0},
    pages 		= {36 - 52},
    year 		= {2013},
    note 		= {},
    issn 		= {0168-874X},
    doi 		= {http://dx.doi.org/10.1016/j.finel.2012.11.004},
    url 		= {http://www.sciencedirect.com/science/article/pii/S0168874X12002077},
    author 		= {Dimitris Vartziotis and Joachim Wipper and Manolis Papadrakakis},
    keywords 		= {\{GETMe\} smoothing},
    keywords 		= {Mesh quality},
    keywords 		= {Finite element accuracy},
    keywords 		= {Poisson equation}
}
@article{Knupp2001,
    author 		= {Knupp, Patrick M.},
    title 		= {Algebraic Mesh Quality Metrics},
    journal 		= {SIAM J. Sci. Comput.},
    issue_date 		= {2001},
    volume 		= {23},
    number 		= {1},
    month 		= jan,
    year 		= {2001},
    issn 		= {1064-8275},
    pages 		= {193--218},
    numpages 		= {26},
    url 		= {http://dx.doi.org/10.1137/S1064827500371499},
    doi 		= {10.1137/S1064827500371499},
    acmid 		= {587229},
    publisher 		= {Society for Industrial and Applied Mathematics},
    address 		= {Philadelphia, PA, USA},
    keywords 		= {condition number, mesh quality metrics, shape measures, unstructured mesh generation}
}
@article{Diachin2006,
    author    		= {Lori Freitag Diachin and Patrick M. Knupp and Todd S. Munson and Suzanne M. Shontz},
    title     		= {A comparison of two optimization methods for mesh quality improvement},
    journal   		= {Eng. Comput. (Lond.)},
    volume    		= {22},
    number    		= {2},
    year      		= {2006},
    pages     		= {61-74},
    ee        		= {http://dx.doi.org/10.1007/s00366-006-0015-0}
}
@INPROCEEDINGS{Freitag1997,
    author 		= {Lori A. Freitag},
    title 		= {On Combining Laplacian And Optimization-Based Mesh Smoothing Techniques},
    booktitle 		= {Trends in unstructured mesh generation},
    year 		= {1997},
    series 		= {ASME},
    pages 		= {37--43},
    volume		= {220},
    address		= {USA},
    publisher 		= {AMD Trends in Unstructured Mesh Generation}
}
@inproceedings{Brewer2003,
    author 		= {Michael Brewer and Lori Freitag Diachin and Patrick Knupp and Thomas Leurent and Darryl Melander},
    title 		= {The Mesquite Mesh Quality Improvement Toolkit},
    booktitle 		= {Proceedings of 12th International Meshing Roundtable},
    series 		= {IMR},
    year 		= {2003},
    pages 		= {239--250},
    numpages 		= {12},
    url 		= {http://www.imr.sandia.gov/papers/abstracts/Br280.html},
    publisher 		= {Sandia National Laboratories},
    address 		= {Santa Fe, New Mexico, U.S.A.}
} 
@incollection{Zhang2005,
    year		= {2005},
    isbn		= {978-3-540-25137-8},
    booktitle		= {Proceedings of the 14th International Meshing Roundtable},
    editor		= {Hanks, ByronW.},
    doi			= {10.1007/3-540-29090-7_27},
    title		= {Surface Smoothing and Quality Improvement of Quadrilateral/Hexahedral Meshes with Geometric Flow},
    url			= {http://dx.doi.org/10.1007/3-540-29090-7_27},
    publisher		= {Springer Berlin Heidelberg},
    keywords		= {quadrilateral/hexahedral mesh; surface smoothing; feature preservation; quality improvement; geometric flow},
    author		= {Zhang, Yongjie and Bajaj, Chandrajit and Xu, Guoliang},
    pages		= {449-468}
}
@article{Jones1974,
    year		= {1974},
    booktitle		= {Transactions of the ASME},
    title		= {A self-organizing mesh generation program},
    series		= {J},
    volume		= {96},
    number    		= {3},
    month 		= {August},
    publisher		= {Jornal of Pressure Vessel Tech.},
    author		= {R. E. Jones},
    numpages		= {6},
    pages		= {193--199}
}
@inproceedings{Ohtake2000,
    author 		= {Ohtake, Yutaka and Belyaev, Alexander G. and Bogaevski, Ilia A.},
    booktitle 		= {Proceedings of the Geometric Modeling and Processing 2000},
    date 		= {2002-01-03},
    series 		= {GMP '00},
    description 	= {dblp},
    ee 			= {http://computer.org/proceedings/gmp/0562/05620229abs.htm},
    keywords 		= {dblp},
    pages 		= {229--237},
    number 		= {1},
    title 		= {Polyhedral Surface Smoothing with Simultaneous Mesh Regularization},
    address 		= {Washington, DC, USA},
    month		= {April},
    publisher 		= {IEEE Computer Society},
    url 		= {http://dblp.uni-trier.de/db/conf/gmp/gmp2000.html},
    year 		= 2000
}
@article{Soni2000,
    author 		= {Bharat K. Soni and Roy Koomullil and David S. Thompson and Hugh Thornburg},
    title 		= {{Solution adaptive grid strategies based on point redistribution}},
    journal 		= {Computer Methods in Applied Mechanics and Engineering},
    volume 		= {189},
    year 		= {2000},
    month		= {September},
    number		= {4},
    pages 		= {1183--1204},
    issue 		= {4},
    doi 		= {10.1016/S0045-7825(99)00373-4}
}
@inproceedings{Lange2005,
    author 		= {Lange, Carsten and Polthier, Konrad},
    title 		= {Anisotropic Smoothing of Point Sets},
    journal 		= {Comput. Aided Geom. Des.},
    issue_date 		= {October 2005},
    volume 		= {22},
    number 		= {7},
    month 		= oct,
    year 		= {2005},
    issn 		= {0167-8396},
    pages 		= {680--692},
    numpages 		= {13},
    url 		= {http://dx.doi.org/10.1016/j.cagd.2005.06.010},
    doi 		= {10.1016/j.cagd.2005.06.010},
    acmid 		= {1122912},
    publisher 		= {Elsevier Science Publishers B. V.},
    address 		= {Amsterdam, The Netherlands, The Netherlands},
    keywords 		= {anisotropic Laplace, anisotropic mean curvature, anisotropic sampling, curve, feature detection, mean curvature flow, object representations, point sets, principal curvatures, shape operator, solid representations, surface}
} 
@article{Kim2004,
    publisher 		= {Georgia Institute of Technology},
    journal		= {GVU Technical Report Number},
    author 		= {ByungMoon Kim and Jarek Rossignac},
    title 		= {Localized bi-Laplacian Solver on a Triangle Mesh and Its Applications},
    month		= {December},
    series		= {GIT-GVU-04-12},
    pages		= {11},
    year 		= {2004}
}
@incollection{Schneider2001,
    author 		= {Schneider, Robert and Kobbelt, Leif and Seidel, Hans-Peter},
    editor 		= {Lyche, Tom and Schumaker, Larry L.},
    chapter 		= {Improved bi-Laplacian Mesh Fairing},
    title 		= {Improved Bi-Laplacian Mesh Fairing},
    volume		= {1},
    number		= {1},
    month		= {May},
    booktitle 		= {Mathematical Methods for Curves and Surfaces: Oslo 2000},
    publisher 		= {Vanderbilt University},
    year 		= {2001},
    pages 		= {445--454},
    series 		= {Innovations in Applied Mathematics},
    address 		= {Oslo, Norway},
    isbn 		= {0-8265-1378-6}
} 

@article{Vollmer1999,
    author 		= {Vollmer, J. and Mencl, Robert and Müller, Heinrich},
    ee 			= {http://dx.doi.org/10.1111/1467-8659.00334},
    journal 		= {Comput. Graph. Forum},
    keywords 		= {dblp},
    number 		= 3,
    pages 		= {131-138},
    title 		= {Improved Laplacian Smoothing of Noisy Surface Meshes},
    url 		= {http://dblp.uni-trier.de/db/journals/cgf/cgf18.html},
    volume 		= 18,
    year 		= 1999
}
@inproceedings{Freitag1997a,
    author 		= {Freitag, Lori A. and Jones, Mark and Plassmann, Paul E.},
    booktitle 		= {PPSC},
    date 		= {2003-05-06},
    description 	= {dblp},
    isbn 		= {0-89871-395-1},
    keywords 		= {dblp},
    publisher 		= {SIAM},
    title 		= {A Parallel Algorithm for Mesh Smoothing},
    url 		= {http://dblp.uni-trier.de/db/conf/ppsc/ppsc1997.html},
    year 		= 1997
}
@MISC{George1994,
    author 		= {Alan George and Joseph Liu and Esmond Ng},
    title 		= {Computer Solution of Sparse Linear Systems},
    year 		= {1994},
    url			= {http://www.cs.illinois.edu/\~heath/courses/cs598mh/george_liu.pdf}    
}
@inproceedings{TallesSanderson2012,
    address 		= {Ouro Preto},
    author 		= {Talles Henrique de Oliveira and Sanderson L. Gonzaga de Oliveira},
    booktitle 		= {{Proceedings of the SIBGRAPI 2012 - International Conference on Graphics, Patterns and Images - Workshop of Undergraduate Works (WUW)}},
    publisher 		= {SBC},
    title 		= {{Uma resolu\c{c}{\~a}o da equa\c{c}{\~a}o de Laplace por Volumes Finitos e diagrama de Voronoi com refinamento adaptativo e de Ruppert}},
    year 		= {2012}
}
@techreport{TallesSanderson2012a,
    author 		= {Talles Henrique de Oliveira and Sanderson L. Gonzaga de Oliveira},
    institution 	= {UFLA},
    type		= {Relatório t{\'e}cnico},
    number		= {1},
    note		= {Pesquisa de inicia\c{c}{\~a}o cient{\'i}fica},
    address 		= {Lavras, Brazil},
    organization 	= {Funda\c{c}{\~a}o de Amparo {\`a} Pesquisa do Estado de Minas Gerais},
    title 		= {{Uma aplica\c{c}{\~a}o de volumes finitos com refinamento de Ruppert e malhas de qualidade por \emph{off-centers}.}},
    year 		= {2012}
}
@monography{GuilhermeSanderson2013,
    address		= {Lavras, Brazil},
    author		= {Guilherme Oliveira Chagas and Sanderson L. Gonzaga de Oliveira},
    pages		= {51},
    school		= {Universidade Federal de Lavras - UFLA},
    title		= {Uma verificação de desempenho do m\'etodo dos gradientes conjugados com redu\c{c}\~ao de banda pelo m\'etodo Cuthill-Mckee reverso com v\'ertice pseudo-perif\'erico pelo algoritmo de George-Liu},
    type		= {Gradua\c{c}\~ao em Ci\^encia da Computa\c{c}\~ao},
    year		= {2013}
}
@article{Rajagopal2006,
    author 		= {Rajagopal, A. and Gangadharan, R. and Sivakumar, S. M.},
    title 		= {A Performance Study on Configurational Force and Spring-Analogy Based Mesh Optimization Schemes},
    journal 		= {International Journal for Computational Methods in Engineering Science and Mechanics},
    volume 		= {7},
    number 		= {4},
    pages 		= {241-262},
    year 		= {2006},
    doi 		= {10.1080/15502280500388169},
    URL 		= {http://www.tandfonline.com/doi/abs/10.1080/15502280500388169}
}
@article{Popiolek2009,
    author 		= {Tales Luiz Popiolek and Armando Miguel Awruch},
    title 		= {An Adaptive Mesh Strategy for Transient Flows Simulations},
    journal 		= {Computational Modeling, Southern Conference on},
    volume 		= {1},
    isbn 		= {978-0-7695-3976-8},
    year 		= {2009},
    pages 		= {71-76},
    doi 		= {http://doi.ieeecomputersociety.org/10.1109/MCSUL.2009.31},
    number		= {3},
    month		= {November},
    publisher 		= {IEEE Computer Society},
    address 		= {Los Alamitos, CA, USA}
}
@article{Rajagopal2007,
    author 		= {A. Rajagopal and S. M. Sivakumar},
    title 		= {A combined r-h adaptive strategy based on material forces and error assessment for plane problems and bimaterial interfaces},
    journal 		= {Computational Mechanics},
    issn		= {0178-7675},    
    volume 		= {41},
    number		= {1},
    year 		= {2007},
    pages 		= {49--72},
    issue 		= {1},
    doi 		= {10.1007/s00466-007-0168-8},
    month		= {March},
    publisher		= {Springer-Verlag}
}
@article{Shontz2006,
    added-at 		= {2011-12-05T00:00:00.000+0100},
    author 		= {Shontz, Suzanne M. and Vavasis, Stephen A.},
    biburl 		= {http://www.bibsonomy.org/bibtex/2dcfa5c2d8e1d0d393e3db70efef37a93/dblp},
    ee 			= {http://arxiv.org/abs/cs.NA/0410045},
    journal 		= {CoRR},
    keywords 		= {dblp},   
    title 		= {A linear weighted laplacian smoothing framework for warping tetrahedral meshes},
    url 		= {http://dblp.uni-trier.de/db/journals/corr/corr0410.html_cs-NA-0410045},
    volume 		= {cs.NA/0410045},
    year 		= 2004
}
@article {CNM:CNM1,
    author 		= {Löhner, Rainald and Yang, Chi},
    title 		= {Improved ALE mesh velocities for moving bodies},
    journal 		= {Communications in Numerical Methods in Engineering},
    volume 		= {12},
    number 		= {10},
    publisher 		= {John Wiley & Sons, Ltd},
    issn 		= {1099-0887},
    url 		= {http://dx.doi.org/10.1002/(SICI)1099-0887(199610)12:10<599::AID-CNM1>3.0.CO;2-Q},
    doi 		= {10.1002/(SICI)1099-0887(199610)12:10<599::AID-CNM1>3.0.CO;2-Q},
    pages 		= {599--608},
    keywords 		= {finite elements, moving grids, moving bodies, mesh velocity, ALE},
    year 		= {1996},
}
@article{Littlefield2001,
    title 		= {The use of r-adaptivity with local, intermittent remesh for modeling hypervelocity impact and penetration},
    journal 		= {International Journal of Impact Engineering},
    volume 		= {26},
    number 		= {1–10},
    pages 		= {433 - 442},
    year 		= {2001},
    note 		= {},
    issn 		= {0734-743X},
    doi 		= {http://dx.doi.org/10.1016/S0734-743X(01)00093-8},
    url 		= {http://www.sciencedirect.com/science/article/pii/S0734743X01000938},
    author 		= {David L. Littlefield}
}